<record><leader>00000cas a22000007a 4500</leader><controlfield tag="001">10130389</controlfield><controlfield tag="008">831115d18541858meuwr ne      0    0eng d</controlfield><datafield ind1=" " ind2=" " tag="010"><subfield code="a">sn 83021380 </subfield></datafield><datafield ind1=" " ind2=" " tag="040"><subfield code="a">NPX</subfield><subfield code="b">eng</subfield><subfield code="c">NPX</subfield><subfield code="d">NPU</subfield><subfield code="d">YOX</subfield><subfield code="d">MBN</subfield><subfield code="d">OCL</subfield><subfield code="d">OCLCQ</subfield><subfield code="d">OCLCO</subfield><subfield code="d">OCLCF</subfield></datafield><datafield ind1="1" ind2=" " tag="029"><subfield code="a">AU@</subfield><subfield code="b">000020226189</subfield></datafield><datafield ind1=" " ind2=" " tag="042"><subfield code="a">msc</subfield></datafield><datafield ind1=" " ind2=" " tag="043"><subfield code="a">n-us-me</subfield></datafield><datafield ind1="0" ind2="4" tag="245"><subfield code="a">The Union and eastern journal.</subfield></datafield><datafield ind1=" " ind2=" " tag="260"><subfield code="a">Biddeford [Me.] :</subfield><subfield code="b">Louis O. Cowan,</subfield><subfield code="c">1854-</subfield></datafield><datafield ind1=" " ind2=" " tag="300"><subfield code="a">volumes ;</subfield><subfield code="c">59-61 cm</subfield></datafield><datafield ind1=" " ind2=" " tag="310"><subfield code="a">Weekly</subfield></datafield><datafield ind1=" " ind2=" " tag="336"><subfield code="a">text</subfield><subfield code="b">txt</subfield><subfield code="2">rdacontent</subfield></datafield><datafield ind1=" " ind2=" " tag="337"><subfield code="a">unmediated</subfield><subfield code="b">n</subfield><subfield code="2">rdamedia</subfield></datafield><datafield ind1=" " ind2=" " tag="338"><subfield code="a">volume</subfield><subfield code="b">nc</subfield><subfield code="2">rdacarrier</subfield></datafield><datafield ind1="0" ind2=" " tag="362"><subfield code="a">Vol. 10, no. 5 (Feb. 3, 1854)-v. 14, no. 22 (May 28, 1858).</subfield></datafield><datafield ind1=" " ind2=" " tag="500"><subfield code="a">Printer: Marcus Watson.</subfield></datafield><datafield ind1=" " ind2=" " tag="500"><subfield code="a">Editor: L.O. Cowan, &lt;1854&gt;.</subfield></datafield><datafield ind1=" " ind2=" " tag="580"><subfield code="a">Formed by the union of: Union (Saco, Me.), and: Eastern journal (1852).</subfield></datafield><datafield ind1=" " ind2="0" tag="651"><subfield code="a">Biddeford (Me.)</subfield><subfield code="v">Newspapers.</subfield></datafield><datafield ind1=" " ind2="7" tag="655"><subfield code="a">Newspapers.</subfield><subfield code="2">fast</subfield><subfield code="0">(OCoLC)fst01423814</subfield></datafield><datafield ind1=" " ind2="7" tag="651"><subfield code="a">Maine</subfield><subfield code="z">Biddeford.</subfield><subfield code="2">fast</subfield><subfield code="0">(OCoLC)fst01209933</subfield></datafield><datafield ind1="1" ind2=" " tag="700"><subfield code="a">Cowan, Louis O.,</subfield><subfield code="d">-1863.</subfield></datafield><datafield ind1=" " ind2=" " tag="752"><subfield code="a">United States</subfield><subfield code="b">Maine</subfield><subfield code="c">York</subfield><subfield code="d">Biddeford.</subfield></datafield><datafield ind1="1" ind2="4" tag="780"><subfield code="t">Union (Saco, Me.)</subfield><subfield code="w">(DLC)sn 83021379</subfield></datafield><datafield ind1="1" ind2="4" tag="780"><subfield code="t">Eastern journal (1852)</subfield><subfield code="w">(DLC)sn 83021378</subfield></datafield><datafield ind1="0" ind2="0" tag="785"><subfield code="t">Union and journal</subfield><subfield code="w">(DLC)sn 83009571</subfield></datafield><datafield ind1=" " ind2=" " tag="936"><subfield code="a">1858 Apr. 30</subfield></datafield></record>